<?xml version="1.0" encoding="UTF-8"?><record xmlns="http://www.loc.gov/MARC21/slim" xmlns:cinclude="http://apache.org/cocoon/include/1.0" xmlns:zs="http://www.loc.gov/zing/srw/">
  <leader>01368cz  a2200253n  4500</leader>
  <controlfield tag="001">nr 97025354 </controlfield>
  <controlfield tag="003">DLC</controlfield>
  <controlfield tag="005">20150527095723.0</controlfield>
  <controlfield tag="008">970718n| azannaabn          |n aaa     c</controlfield>
  <datafield tag="010" ind1=" " ind2=" ">
    <subfield code="a">nr 97025354 </subfield>
  </datafield>
  <datafield tag="035" ind1=" " ind2=" ">
    <subfield code="a">(OCoLC)oca04391042</subfield>
  </datafield>
  <datafield tag="040" ind1=" " ind2=" ">
    <subfield code="a">NjP</subfield>
    <subfield code="b">eng</subfield>
    <subfield code="e">rda</subfield>
    <subfield code="c">NjP</subfield>
    <subfield code="d">PPi-MA</subfield>
    <subfield code="d">DLC</subfield>
    <subfield code="d">PPi-MA</subfield>
    <subfield code="d">DLC</subfield>
  </datafield>
  <datafield tag="046" ind1=" " ind2=" ">
    <subfield code="f">19360612</subfield>
    <subfield code="g">20150524</subfield>
  </datafield>
  <datafield tag="053" ind1=" " ind2="0">
    <subfield code="a">ML419.B27</subfield>
    <subfield code="c">Biography</subfield>
  </datafield>
  <datafield tag="100" ind1="1" ind2=" ">
    <subfield code="a">Belgrave, Marcus</subfield>
  </datafield>
  <datafield tag="370" ind1=" " ind2=" ">
    <subfield code="a">Chester (Pa.)</subfield>
    <subfield code="b">Ann Arbor (Mich.)</subfield>
    <subfield code="e">Detroit (Mich.)</subfield>
    <subfield code="2">naf</subfield>
  </datafield>
  <datafield tag="372" ind1=" " ind2=" ">
    <subfield code="a">Jazz</subfield>
    <subfield code="2">lcsh</subfield>
  </datafield>
  <datafield tag="373" ind1=" " ind2=" ">
    <subfield code="a">Oberlin College</subfield>
    <subfield code="2">naf</subfield>
    <subfield code="s">2001</subfield>
    <subfield code="t">2010</subfield>
    <subfield code="v">New York times (online), viewed May 27, 2015</subfield>
  </datafield>
  <datafield tag="374" ind1=" " ind2=" ">
    <subfield code="a">Trumpet players</subfield>
    <subfield code="a">Jazz musicians</subfield>
    <subfield code="a">Music teachers</subfield>
    <subfield code="a">College teachers</subfield>
    <subfield code="a">Composers</subfield>
    <subfield code="a">Arrangers (Musicians)</subfield>
    <subfield code="2">lcsh</subfield>
  </datafield>
  <datafield tag="374" ind1=" " ind2=" ">
    <subfield code="a">FluĚgelhorn player</subfield>
  </datafield>
  <datafield tag="375" ind1=" " ind2=" ">
    <subfield code="a">male</subfield>
  </datafield>
  <datafield tag="670" ind1=" " ind2=" ">
    <subfield code="a">Maroons, p1992:</subfield>
    <subfield code="b">container (Marcus Belgrave, trumpet)</subfield>
  </datafield>
  <datafield tag="670" ind1=" " ind2=" ">
    <subfield code="a">Feather, L.G. Bio. enc. of jazz, 1999</subfield>
    <subfield code="b">(Belgrave, Marcus; b. June 12, 1936, Chester, PA; trumpet, educator, composer, arranger)</subfield>
  </datafield>
  <datafield tag="670" ind1=" " ind2=" ">
    <subfield code="a">New York times (online), viewed May 27, 2015</subfield>
    <subfield code="b">(in obituary published May 26: Marcus Belgrave; b. June 12, 1936, Chester, Pa.; d. Sunday [May 24, 2015], Ann Arbor, Mich., aged 78; trumpet and fluegelhorn player who worked with Ray Charles, Charles Mingus, Max Roach, and others before settling in Detroit in the early 1960s and becoming a coach and conscience for that city's jazz scene)</subfield>
  </datafield>
</record>